<?xml version="1.0" encoding="UTF-8"?><collection xmlns="http://www.loc.gov/MARC21/slim"><record><leader>00452nam--2200157-i-4500</leader><controlfield tag="001">000013654</controlfield><controlfield tag="002">20161230</controlfield><controlfield tag="005">20170225192431</controlfield><controlfield tag="008">060222s1000------------r-----000-0-eng-d</controlfield><datafield ind1=" " ind2=" " tag="245"><subfield code="a">Bonding problems. With contributions by R.Englman, J.C.Green, C.K.Jorgensen, s.a</subfield></datafield><datafield ind1=" " ind2=" " tag="260"><subfield code="a">Berlin</subfield><subfield code="b">Springer-verlag</subfield><subfield code="c">1981</subfield></datafield><datafield ind1=" " ind2=" " tag="300"><subfield code="a">220 p</subfield></datafield><datafield ind1=" " ind2=" " tag="490"><subfield code="a">Structure And Bonding</subfield></datafield><datafield ind1=" " ind2=" " tag="700"><subfield code="a">Jorgensen, C. K</subfield></datafield><datafield ind1=" " ind2=" " tag="852"><subfield code="a">538.9:539.194</subfield></datafield><datafield ind1=" " ind2=" " tag="CAT"><subfield code="a">SYS</subfield><subfield code="c">20170225</subfield><subfield code="h">192431</subfield></datafield></record></collection>